@inproceedings{gatys2016image,
  title={Image style transfer using convolutional neural networks},
  author={Gatys, Leon A and Ecker, Alexander S and Bethge, Matthias},
  booktitle={Proceedings of the IEEE Conference on Computer Vision and Pattern Recognition},
  pages={2414--2423},
  year={2016}
}

@article{simonyan2014very,
  title={Very deep convolutional networks for large-scale image recognition},
  author={Simonyan, Karen and Zisserman, Andrew},
  journal={arXiv preprint arXiv:1409.1556},
  year={2014}
}

@inproceedings{gatys2015texture,
  title={Texture synthesis using convolutional neural networks},
  author={Gatys, Leon and Ecker, Alexander S and Bethge, Matthias},
  booktitle={Advances in Neural Information Processing Systems},
  pages={262--270},
  year={2015}
}

@inproceedings{efros2001image,
  title={Image quilting for texture synthesis and transfer},
  author={Efros, Alexei A and Freeman, William T},
  booktitle={Proceedings of the 28th annual conference on Computer graphics and interactive techniques},
  pages={341--346},
  year={2001},
  organization={ACM}
}

@article{gatys2016preserving,
  title={Preserving Color in Neural Artistic Style Transfer},
  author={Gatys, Leon A and Bethge, Matthias and Hertzmann, Aaron and Shechtman, Eli},
  journal={arXiv preprint arXiv:1606.05897},
  year={2016}
}